<record><leader>00000cas a22000007a 4500</leader><controlfield tag="001">28051780</controlfield><controlfield tag="008">930505d18781878cauwr ne      0    0eng d</controlfield><datafield ind1=" " ind2=" " tag="010"><subfield code="a">sn 93052610 </subfield></datafield><datafield ind1=" " ind2=" " tag="040"><subfield code="a">CUY</subfield><subfield code="b">eng</subfield><subfield code="c">CNK</subfield><subfield code="d">OCLCQ</subfield><subfield code="d">OCLCF</subfield><subfield code="d">OCLCO</subfield></datafield><datafield ind1="1" ind2=" " tag="029"><subfield code="a">AU@</subfield><subfield code="b">000020734436</subfield></datafield><datafield ind1=" " ind2=" " tag="042"><subfield code="a">msc</subfield></datafield><datafield ind1=" " ind2=" " tag="043"><subfield code="a">n-us-ca</subfield></datafield><datafield ind1="0" ind2="0" tag="245"><subfield code="a">Bodie weekly standard.</subfield></datafield><datafield ind1=" " ind2=" " tag="260"><subfield code="a">Bodie, Mono County, Cal. :</subfield><subfield code="b">F. Kenyon</subfield></datafield><datafield ind1=" " ind2=" " tag="300"><subfield code="a">v.</subfield></datafield><datafield ind1=" " ind2=" " tag="310"><subfield code="a">Weekly</subfield></datafield><datafield ind1="0" ind2=" " tag="362"><subfield code="a">Vol. 2, no. 6 (May 15, 1878)-v. 3, no. 12 (Dec. 25, 1878).</subfield></datafield><datafield ind1=" " ind2="0" tag="650"><subfield code="a">Mineral industries</subfield><subfield code="z">California</subfield><subfield code="v">Newspapers.</subfield></datafield><datafield ind1=" " ind2="4" tag="651"><subfield code="a">Bodie (Calif.)</subfield><subfield code="v">Newspapers.</subfield></datafield><datafield ind1=" " ind2="7" tag="655"><subfield code="a">Newspapers.</subfield><subfield code="2">fast</subfield><subfield code="0">(OCoLC)fst01423814</subfield></datafield><datafield ind1=" " ind2="7" tag="650"><subfield code="a">Mineral industries.</subfield><subfield code="2">fast</subfield><subfield code="0">(OCoLC)fst01022218</subfield></datafield><datafield ind1=" " ind2="7" tag="651"><subfield code="a">California.</subfield><subfield code="2">fast</subfield><subfield code="0">(OCoLC)fst01204928</subfield></datafield><datafield ind1=" " ind2=" " tag="752"><subfield code="a">United States</subfield><subfield code="b">California</subfield><subfield code="c">Mono</subfield><subfield code="d">Bodie.</subfield></datafield><datafield ind1="0" ind2=" " tag="775"><subfield code="t">Bodie standard (Bodie, Calif. : Triweekly)</subfield><subfield code="w">(DLC)sn 93052604</subfield></datafield><datafield ind1="0" ind2=" " tag="775"><subfield code="t">Daily Bodie standard</subfield><subfield code="w">(DLC)sn 92070154</subfield></datafield><datafield ind1="0" ind2="0" tag="780"><subfield code="t">Bodie standard (Bodie, Calif. : Weekly)</subfield><subfield code="w">(DLC)sn 93052609</subfield></datafield><datafield ind1="0" ind2="0" tag="785"><subfield code="t">Weekly Bodie standard</subfield><subfield code="w">(DLC)sn 93052611</subfield></datafield></record>